<?xml version="1.0" encoding="UTF-8"?>
<record xmlns="http://www.loc.gov/MARC21/slim">
   <leader>00825cam a2200241Ia 4500</leader>
   <controlfield tag="001">6061828</controlfield>
   <controlfield tag="003">NjP</controlfield>
   <controlfield tag="005">20190705165801.0</controlfield>
   <controlfield tag="008">100301s1952    su ab         000 0 ara d</controlfield>
   <datafield tag="024" ind1="7" ind2=" ">
      <subfield code="a">princeton_aco004882</subfield>
      <subfield code="2">local</subfield>
   </datafield>
   <datafield ind1=" " ind2=" " tag="040">
      <subfield code="a">WAU</subfield>
      <subfield code="c">PUL</subfield>
      <subfield code="d">PUL</subfield>
   </datafield>
   <datafield ind1=" " ind2=" " tag="043">
      <subfield code="a">a-su---</subfield>
   </datafield>
   <datafield ind1=" " ind2=" " tag="090">
      <subfield code="a">TF113.S33</subfield>
      <subfield code="b">S54 1952</subfield>
   </datafield>
   <datafield ind1=" " ind2=" " tag="049">
      <subfield code="a">PULL</subfield>
   </datafield>
   <datafield ind1=" " ind2=" " tag="035">
      <subfield code="a">(OCoLC)ocm77554657</subfield>
   </datafield>
   <datafield ind1="0" ind2="0" tag="245">
      <subfield code="6">880-01</subfield>
      <subfield code="a">Sikkat ḥadīd al-Ḥukūmah al-Suʻūdīyah wa-mīnāʼ al-Dammām.</subfield>
   </datafield>
   <datafield ind1=" " ind2=" " tag="260">
      <subfield code="a">[Riyadh, Saudi Arabia :</subfield>
      <subfield code="b">s.n.],</subfield>
      <subfield code="c">1952.</subfield>
   </datafield>
   <datafield ind1=" " ind2=" " tag="300">
      <subfield code="a">29 p. :</subfield>
      <subfield code="b">ill., maps ;</subfield>
      <subfield code="c">32 cm.</subfield>
   </datafield>
   <datafield ind1=" " ind2=" " tag="500">
      <subfield code="a">Cover title.</subfield>
   </datafield>
   <datafield ind1=" " ind2=" " tag="500">
      <subfield code="a">Maps on lining papers.</subfield>
   </datafield>
   <datafield ind1=" " ind2="0" tag="650">
      <subfield code="a">Railroads</subfield>
      <subfield code="z">Saudi Arabia</subfield>
      <subfield code="z">Dammām</subfield>
      <subfield code="x">Design and construction.</subfield>
   </datafield>
   <datafield ind1="0" ind2="0" tag="880">
      <subfield code="6">245-01/r</subfield>
      <subfield code="a">سكة حديد الحكومة السعودية وميناء الدمام.</subfield>
   </datafield>
   <datafield ind1=" " ind2=" " tag="994">
      <subfield code="a">C0</subfield>
      <subfield code="b">PUL</subfield>
   </datafield>
   <datafield ind1=" " ind2=" " tag="902">
      <subfield code="a">kc</subfield>
      <subfield code="b">m</subfield>
      <subfield code="6">a</subfield>
      <subfield code="7">m</subfield>
      <subfield code="d">v</subfield>
      <subfield code="f">1</subfield>
      <subfield code="e">20100301</subfield>
   </datafield>
   <datafield ind1=" " ind2=" " tag="979">
      <subfield code="a">(OCoLC)ocn535232395</subfield>
   </datafield>
   <datafield ind1="0" ind2=" " tag="852">
      <subfield code="0">6110563</subfield>
      <subfield code="b">nec</subfield>
      <subfield code="c">Oversize</subfield>
      <subfield code="h">TF113.S33</subfield>
      <subfield code="i">S54 1952q</subfield>
   </datafield>
   <datafield ind1=" " ind2=" " tag="959">
      <subfield code="a">2010-03-01 15:12:01 -0400</subfield>
   </datafield>
</record>
